@article{biroli_evaluation_2018,
  title = {Evaluation of the {{Reggio Approach}} to {{Early Education}}},
  author = {Biroli, Pietro and Del Boca, Daniela and Heckman, James J. and Heckman, Lynne Pettler and Koh, Yu Kyung and Kuperman, Sylvi and Moktan, Sidharth and Pronzato, Chiara D. and Ziff, Anna L.},
  year = {2018},
  month = mar,
  journal = {Research in Economics},
  volume = {72},
  number = {1},
  pages = {1--32},
  issn = {10909443},
  doi = {10.1016/j.rie.2017.05.006},
  urldate = {2020-02-12},
  langid = {english}
}

@article{garcia_early_2019,
  title = {Early {{Childhood Education}} and {{Crime}}},
  author = {Garc{\'i}a, Jorge Luis and Heckman, James J and Ziff, Anna L.},
  year = {2019},
  journal = {Infant Mental Health Journal},
  volume = {40},
  number = {1},
  pages = {141--151},
  issn = {0163-9641}
}

@article{garcia_gender_2018,
  title = {Gender {{Differences}} in the {{Benefits}} of an {{Influential Early Childhood Program}}},
  author = {Garc{\'i}a, Jorge Luis and Heckman, James J and Ziff, Anna L.},
  year = {2018},
  journal = {European Economic Review},
  volume = {109},
  pages = {9--22},
  issn = {0014-2921}
}

@article{park_rental_2023,
  title = {Rental {{Choice Sets}} in {{Low-}} and {{High-Opportunity Neighborhoods}} for {{Housing Choice Voucher Program Participants}}},
  author = {Park, JoonYup and Ziff, Anna L.},
  year = {2023},
  journal = {In Progress}
}

@article{shea_unifying_2023,
  title = {Unifying {{Panel Data Models}} for {{Unobserved Heterogeneity}}},
  author = {Shea, Joshua and Ziff, Anna L.},
  year = {2023},
  journal = {In Progress}
}

@article{vinnakota_levees_2023,
  title = {Levees: {{Infrastructure}} and {{Insurance}} as {{Adaptation}} to {{Flood Risk}}},
  author = {Vinnakota, Mythili and Ziff, Anna L.},
  year = {2023}
}

@article{ziff_association_2023,
  title = {Association between the {{Volatility}} of {{Income}} and {{Life Expectancy}} in the {{U}}.{{S}}.},
  author = {Ziff, Anna L. and Hotz, V. Joseph and Wiemers, Emily E.},
  year = {2023},
  journal = {Revise and Resubmit, Journal of Labor Economics}
}

@article{ziff_local_2023,
  title = {Beyond the {{Local Impacts}} of {{Place-Based Policies}}: {{Spillovers}} through {{Latent Housing Markets}}},
  author = {Ziff, Anna L.},
  year = {2023},
  journal = {Job Market Paper}
}
